@phdthesis{partanen2008prerequisites,
  title={Prerequisites for successful software maintenance and a reference model of the maintenenace processes},
  author={Partanen, Teemu},
  year={2008},
  school={HELSINKI UNIVERSITY OF TECHNOLOGY}
}